%Note, bibtex will not truncate the journal reference so here this is done manually.
%The bibtex reference style ignores all the information it does not require, e.g. the DOI of the paper.
%the names can be more evocative, e.g {Aharoni1998, rather than {article_1,......

@inbook{HFLI-Ultrasound-Definition,
  author       = {Bruno G. Pollet and Muthupandian Ashokkumar}, 
  title        = {Introduction to Ultrasound, Sonochemistry and Sonoelectrochemistry},
  chapter      = {1},
  pages        = {1},
  publisher    = {Springer},
  year         = {2019},
  %series       = {SpringerBriefs in Molecular Science: Ultrasound and Sonochemistry},
  address      = {Gewerbestrasse 11, 6330 Cham, Switzerland},
  isbn         = {978-3-030-25862-7},
}


@misc{possion_ratios,
  author       = {anon}, 
  title        = {Engineering Toolbox},
  howpublished = {www.engineeringtoolbox.com, retrieved 17/01/2023},
  link         = {www.engineeringtoolbox.com},
  retrieved    = {17/01/2023},
}

@article{Bitsch&BattistiniTheoreticalModel,
    Author = {Bitsch, B and Battistini, C},
    Title = {Influence of sub- and super-solar metallicities on the composition of solid planetary building blocks},
    Journal = {Astron. Astrophys}, 
    Year = {2020},
    Volume = {633},
    Number = {},
    Pages = {A10}
    DOI = {},
    ISSN = {1432-0746},
}

@article{Adibekyan,
Author = {Adibekyan, V and Dorn, C and Sousa, S.G, and Santos, N.C and Bitsch, B and Israelian, G and Mordasini, C and Barrros, S.C.C and Mena, E.D and Demangeon, O.D.S and Faria, J.P and Figueira, P and Hakobyan, A.A, and Oshagh, M and Soares, B.M.T.B and Kunitomo, M and Takeda, Y and Jofré, E and Petrucci, R and Martioli, E},
Title = {A compositional link between rocky exoplanets and their host stars},
Journal = {Science}, 
Year = {2021},
Volume = {374},
Issue = {6565},
Pages = {330-332},
DOI = {https://doi.org/10.1126/science.abg8794},
ISSN = {1095-9203},
}

@article{SussyInteriorModelsSuper-EarthsAndSub-Neptunes,
Author = {Dorn, C and Venturin, J and Khan, A and Heng, K and Alibert, Y and Helled, R and Rivoldini, A and Benz, W},
Title = {A generalized Bayesian inference method for constraining the interiors of super Earths and sub-Neptunes},
Journal = {Astron. Astrophys}, 
Year = {2017},
Volume = {597},
Pages = {A37},
Number = {},
DOI = {10.1051/0004-6361/201628708},
ISSN = {1432-0746},
}

@article{NatureAndOriginOfSubNeptunesGoodPaper,
Author = {Bean, J.L and Raymond, S.N and Owen, J.E},
Title = {The Nature and Origins of Sub-Neptune Size Planets},
Journal = {Journal of Geophysical Research: Planets}, 
Year = {2021},
Volume = {126},
Number = {1},
Pages = {e2020JE006639},
DOI = {https://doi.org/10.1029/2020JE006639},
ISSN = {2169-9100},
}

@article{Shapiro,
Author = {Shapiro, A.V and Brühl, C and Klingmüller, K and Steil, B and Shapiro, A.I and Witzke, V and Kostogryz, N and Gizon, L and Solanki, S.K and Lelieveld, J},
Title = {Metal-rich stars are less suitable for the evolution of life on their planets},
Journal = {Nat Commun}, 
Year = {2023},
Volume = {14},
Number = {1893},
Pages = {1893},
DOI = {https://doi.org/10.1038/s41467-023-37195-4},
ISSN = {},
}

@article{EarthFormation,
Author = {Morbidelli, A and Lunine, J.I and O'Brien, D.P and Raymond, S.N and Walsh, K.J},
Title = {Building Terrestrial Planets},
Journal = {Annual Review of Earth and Planetary Sciences}, 
Year = {2012},
Volume = {40},
Number = {},
Pages = {251},
DOI = {https://doi.org/10.1146/annurev-earth-042711-105319},
ISSN = {},
}

@article{PebbleAccretion,
Author = {ANDERS Johansen and THOMAS RONNET, MARTIN BIZZARRO and MARTIN SCHILLER and MICHIEL LAMBRECHTS and ÅKE NORDLUND AND HELMUT LAMMER},
Title = {A pebble accretion model for the formation of the terrestrial planets in the Solar System},
Journal = {SciA}, 
Year = {2021},
Volume = {7},
Issue = {8},
Pages = {eabc0444},
DOI = {https://doi.org/10.1126/sciadv.abc0444},
ISSN = {},
}

@article{Wilson,
Author = {Wilson, T and Goffo, E and Albert, Y and Gandolfi, D and Bonfati, A and Persson, C},
Title = {A pair of sub-Neptunes transiting the bright K-dwarf TOI-1064 characterized with CHEOPS},
Journal = {MNRAS}, 
Year = {2022},
Volume = {511},
Issue = {1},
Pages = {1043-1071},
DOI = {https://doi.org/10.1093/mnras/stab3799},
ISSN = {},
}

@article{MortierInteriorStructure,
Author = {Mortier, A and Osorio, M and Malavolta L and Alibert, Y and Rice, K and Lillo-Box, J and Oshagh, M and Buchhave, L and Adibekyan, V},
Title = {K2-111: an old system with two planets in near-resonance},
Journal = {MNRAS}, 
Year = {2020},
Volume = {499},
Issue = {4},
Pages = {5004–5021},
DOI = {https://doi.org/10.1093/mnras/staa3144},
ISSN = {},
}

@article{ThickDisc,
Author = {Li, C and Zhao1, G},
Title = {The Evolution of the Galactic Thick Disk with the LAMOST Survey},
Journal = {ApJ}, 
Year = {2017},
Volume = {850},
Number = {1},
Pages = {25},
DOI = {https://doi.org/10.3847/1538-4357/aa93f4},
ISSN = {},
}

@article{ThinAndThickDiskKinematics,
Author = {Vieira, K and Carraro, G and Korchagin, V and Lutsenko, A and Girard, T.M and van Altena, W},
Title = {Milky Way Thin and Thick Disk Kinematics with Gaia EDR3 and RAVE DR5},
Journal = {ApJ}, 
Year = {2022},
Volume = {932},
Number = {1},
Pages = {28},
DOI = {https://doi.org/10.3847/1538-4357/ac6b9b},
ISSN = {},
}

@article{MilkyWayMetallicitiesNearbyWDs,
Author = {Kilic, M and Munn, J.A and Harris, H.C and von Hippel, T and Liebery, J.W ad Williams, K.A and Jeffery, E and DeGennaro, S},
Title = {The Ages of the Thin Disk, Thick Disk, and the Halo from Nearby White Dwarfs},
Journal = {ApJ}, 
Year = {2017},
Volume = {837},
Number = {2},
Pages = {162},
DOI = {https://doi.org/10.3847/1538-4357/aa62a5},
ISSN = {},
}

@article{Afşar,
Author = {Afşar, M and Sneden, C and For, B},
Title = {CHEMICAL COMPOSITIONS OF THIN-DISK, HIGH-METALLICITY RED HORIZONTAL-BRANCH FIELD STARS},
Journal = {AJ}, 
Year = {2012},
Volume = {144},
Number = {1},
Pages = {20},
DOI = {https://doi.org/10.1088/0004-6256/144/1/20},
ISSN = {},
}





